@article{Shor_1997,
  url       = {https://doi.org/10.1137\%2Fs0097539795293172},
  publisher = {Society for Industrial {\&} Applied Mathematics ({SIAM})},
  volume    = {26},
  number    = {5},
  pages     = {1484--1509},
  author    = {Peter W. Shor},
  title     = {Polynomial-Time Algorithms for Prime Factorization and Discrete Logarithms on a Quantum Computer},
  journal   = {{SIAM} Journal on Computing}
}

@misc{nist_third_rd_update,
  author    = {Gorjan Alagic and Daniel Apon and David Cooper and Quynh Dang and Thinh Dang and John M. Kelsey and Jacob Lichtinger and Yi-Kai Liu and Carl A. Miller and Dustin Moody and Rene Peralta and Ray Perlner and Angela Robinson and Daniel Smith-Tone},
  title     = {Status Report on the Third Round of the NIST Post-Quantum Cryptography Standardization Process},
  year      = {2022},
  publisher = {NIST Interagency/Internal Report (NISTIR), National Institute of Standards and Technology, Gaithersburg, MD},
  url       = {https://tsapps.nist.gov/publication/get_pdf.cfm?pub_id=935591}
}

@misc{IBM_Osprey,
  title = {Quantum-centric supercomputing: The next wave of computing},
  url   = {https://research.ibm.com/blog/next-wave-quantum-centric-supercomputing},
  note  = {Accessed: 2023-01-20}
}

@article{cryptoeprint:2013/436,
  author = {Charles Bouillaguet and Chen-Mou Cheng and Tung Chou and Ruben Niederhagen and Bo-Yin Yang},
  title  = {Fast Exhaustive Search for Quadratic Systems in $\mathbb{F}_2$ on FPGAs --- Extended Version},
  year   = {2013},
  url    = {https://eprint.iacr.org/2013/436}
}

@article{nover2005algebraic,
  title  = {Algebraic cryptanalysis of AES: an overview},
  author = {Harris Nover},
  year   = {2005}
}

@inproceedings{courtois2002cryptanalysis,
  title        = {Cryptanalysis of block ciphers with overdefined systems of equations},
  author       = {Nicolas T. Courtois and Josef Pieprzyk},
  booktitle    = {Advances in Cryptology—ASIACRYPT 2002},
  pages        = {267--287},
  year         = {2002},
  organization = {Springer}
}

@inbook{Videau2011,
  author    = {Marion Videau},
  title     = {Cube Attack},
  booktitle = {Encyclopedia of Cryptography and Security},
  year      = {2011},
  publisher = {Springer US},
  pages     = {289--290},
  isbn      = {978-1-4419-5906-5},
  url       = {https://doi.org/10.1007/978-1-4419-5906-5_342}
}

@inbook{ding2020,
  author    = {Jintai Ding and and Albrecht Petzoldt and Dieter S. Schmidt},
  title     = {Multivariate Cryptography},
  booktitle = {Multivariate Public Key Cryptosystems},
  year      = {2020},
  publisher = {Springer US},
  pages     = {7--23},
  isbn      = {978-1-0716-0987-3},
  url       = {https://doi.org/10.1007/978-1-0716-0987-3_2}
}

@article{FAUGERE199961,
title = {A new efficient algorithm for computing Gröbner bases (F4)},
journal = {Journal of Pure and Applied Algebra},
volume = {139},
pages = {61-88},
year = {1999},
url = {https://www.sciencedirect.com/science/article/pii/S0022404999000055},
author = {Jean-Charles Faugére},
}

@inproceedings{10.1145/780506.780516,
author = {Faugère, Jean Charles},
title = {A New Efficient Algorithm for Computing Gröbner Bases without Reduction to Zero (F5)},
year = {2002},
isbn = {1581134843},
publisher = {Association for Computing Machinery},
address = {New York, NY, USA},
URL = {https://doi.org/10.1145/780506.780516},
booktitle = {Proceedings of the 2002 International Symposium on Symbolic and Algebraic Computation},
pages = {75–83},
}

@inbook{doi:10.1137/1.9781611974782.143,
  author    = {Daniel Lokshtanov and Ramamohan Paturi and Suguru Tamaki and Ryan Williams and Huacheng Yu},
  title     = {Beating Brute Force for Systems of Polynomial Equations over Finite Fields},
  booktitle = {Proceedings of the 2017 Annual ACM-SIAM Symposium on Discrete Algorithms (SODA)},
  pages     = {2190-2202},
  URL       = {https://epubs.siam.org/doi/abs/10.1137/1.9781611974782.143}
}

@inproceedings{Williams2014ThePM,
  title     = {The Polynomial Method in Circuit Complexity Applied to Algorithm Design (Invited Talk)},
  author    = {Richard Ryan Williams},
  booktitle = {Foundations of Software Technology and Theoretical Computer Science},
  year      = {2014}
}

@mastersthesis{tungchoumasters,
  author = {Tung Chou},
  school = {National Taiwan University},
  title  = {Fast Exhaustive Search for Polynomial Systems over $\eff_2$},
  year   = 2010
}

@misc{cryptoeprint:2022/1412,
  author       = {Charles Bouillaguet},
  title        = {Boolean Polynomial Evaluation for the Masses},
  howpublished = {Cryptology ePrint Archive, Paper 2022/1412},
  year         = {2022},
  url          = {https://eprint.iacr.org/2022/1412}
}

@misc{IntelIntr,
  title        = {Intel\textsuperscript{\textregistered} Intrinsics Guide},
  howpublished = {\url{https://www.intel.com/content/www/us/en/docs/intrinsics-guide/index.html}},
  note         = {Accessed: 2023-01-20}
}

@misc{cryptoeprint:2017/372,
  author = {Antoine Joux and Vanessa Vitse},
  title = {A crossbred algorithm for solving Boolean polynomial systems},
  year = {2017},
  url = {https://eprint.iacr.org/2017/372}
}

@book{joux2009algorithmic,
  title     = {Algorithmic Cryptanalysis},
  author    = {Antoine Joux},
  isbn      = {9781420070026},
  series    = {Chapman \& Hall/CRC Cryptography and Network Security Series},
  year      = {2009},
  publisher = {Taylor \& Francis}
}
